<?xml version="1.0" encoding="UTF-8"?><collection><record><leader>06547ntm a2200529 a 4500</leader><controlfield tag="001">005968627</controlfield><controlfield tag="003">MiAaHDL</controlfield><controlfield tag="005">20190719000000.0</controlfield><controlfield tag="006">m        d        </controlfield><controlfield tag="007">cr bn ---auaua</controlfield><controlfield tag="008">090324s17uu    tu            00| ||ara d</controlfield><datafield tag="035" ind1=" " ind2=" "><subfield code="a">(MiU)005968627</subfield></datafield><datafield tag="035" ind1=" " ind2=" "><subfield code="a">sdr-miu005968627</subfield></datafield><datafield tag="040" ind1=" " ind2=" "><subfield code="a">MiU</subfield><subfield code="c">MiU</subfield></datafield><datafield tag="100" ind1="1" ind2=" "><subfield code="6">880-01</subfield><subfield code="a">Bālawī, Ḥamīd ibn ʻAbd al-Fattāḥ,</subfield><subfield code="d">active 18th century.</subfield></datafield><datafield tag="240" ind1="1" ind2="0"><subfield code="6">880-02</subfield><subfield code="a">Zubdat al-ʻirfān fī wujūh al-Qurʼān</subfield></datafield><datafield tag="245" ind1="1" ind2="0"><subfield code="6">880-03</subfield><subfield code="a">Kitāb Zubdat al-ʻirfān,</subfield><subfield code="f">[early 18th century?].</subfield></datafield><datafield tag="260" ind1=" " ind2=" "><subfield code="a">[Tokat,</subfield><subfield code="c">17--]</subfield></datafield><datafield tag="300" ind1=" " ind2=" "><subfield code="a">158 leaves :</subfield><subfield code="b">paper ;</subfield><subfield code="c">159 x 107 (95 x 54) mm.</subfield></datafield><datafield tag="500" ind1=" " ind2=" "><subfield code="a">Shelfmark: Ann Arbor, University of Michigan, Special Collections Library, Isl. Ms. 15</subfield></datafield><datafield tag="500" ind1=" " ind2=" "><subfield code="a">Origin: Lacks dated colophon ; paper suggests 18th century. Colophon on fol.156a-156b (p.309-310) indicates text was copied in the city of Tūqāt (Tokat) in the Khātūnīyah madrasah.</subfield></datafield><datafield tag="500" ind1=" " ind2=" "><subfield code="a">Former shelfmark: British Museum, London "No. 154. Zubdat al-kuran."</subfield></datafield><datafield tag="500" ind1=" " ind2=" "><subfield code="a">Binding: Pasteboards covered in orange brown leather ; Type III binding (without flap) ; board linings in laid paper (under leather turn-ins) ; upper and lower cover carry simple design of incised fillets marking a border, cornerpieces and centerline ; sewn in rose colored thread, two stations ; worked chevron endbands in green and cream ; in fair condition with some abrasion, staining, lifting and shrinkage of leather, moisture damage, etc.</subfield></datafield><datafield tag="500" ind1=" " ind2=" "><subfield code="a">Support: European laid paper in perhaps a few different types ; main type is smooth, well-burnished and fairly crisp with a yellowish tint, roughly 10-12 laid lines per cm. (horizontal) and chain lines evenly spaced 26 mm. apart (vertical) ; watermarks include grapes, names (difficult to make out) and crown ; latter type is slightly thicker and whiter in color with laid lines spaced roughly 13 per cm. (horizontal) and chain lines spaced 25 mm. apart (vertical) ; main watermark appears to be a type of scrollwork with three hats ; staining, ink smudges (occasionally obscuring text see fol.130b/p.260), and hole burned in fol.128b (p.256).</subfield></datafield><datafield tag="500" ind1=" " ind2=" "><subfield code="a">Decoration: Crude 'headpiece' on fol.1b (p.2) consisting of semi-circular outlines in red with vertical stalks in black and title in red ; red rule-border surroundes the written area ; text rubricated with headings, keywords, sigla and other abbreviations, overlining, etc. in red.</subfield></datafield><datafield tag="500" ind1=" " ind2=" "><subfield code="a">Script: Naskh ; bold Turkish hand, written in a thick, heavy line ; virtually serifless ; mainly closed counters ; pointing in two dots appears as a line or inverted caret ; slight effect of tilt to the left ; alif lām of definite article occasionally assimilated ; compact, adhereing to baseline though occasionally letters in final words of a line are superscript.</subfield></datafield><datafield tag="500" ind1=" " ind2=" "><subfield code="a">Layout: Written in 11 lines per page ; frame-ruled.</subfield></datafield><datafield tag="500" ind1=" " ind2=" "><subfield code="a">Collation: 15 V (150), IV (158), i ; chiefly quinions ; fol.23a (p.45) left blank, but with what appears to be no text missing ; final two folios unruled, carry related extratextual material in same hand as main text ; catchwords present (last word of final line repeated on the recto of the following leaf) ; pagination in pencil, Western numerals, supplied during digitization (skips two pages between pp.221-223 and includes final flyleaf).</subfield></datafield><datafield tag="500" ind1=" " ind2=" "><subfield code="a">Colophon: "Scribal" [?], triangular, reads: " قد وقع الفراغ من تسويد هذه [كذا] الكتاب [؟] المتين يتأبدوا هب القوى والنعم المسنين بديع الشكل عديم المثال كثير النفع قليل المقال في مدينة توقات بمدرسة خاتونية صانها الله عن المصائب الدينية والدنيوية ويسر الختم تمت الكتاب"</subfield></datafield><datafield tag="500" ind1=" " ind2=" "><subfield code="a">Explicit: "ولو وقف عليه الهمزة [؟] كان الوقف على هزوا في البقرة لا تبديل لكلمات الله انه السميع العليم ... وبجاه من احببته وبعثته"</subfield></datafield><datafield tag="500" ind1=" " ind2=" "><subfield code="a">Incipit: "الحمد لله الذي جعلنا من القارئين الذين هم قرؤا القرآن بصحيح الروايات ... اما بعد فيقول الفقير الى رحمة الله الغني حامد ابن الحاج عبد الفتاح البالوى لما قرأت القرآن العظيم من اوله الى اخره ختمة كاملة بالقراآت المتواترة للائمة العشرة ..."</subfield></datafield><datafield tag="500" ind1=" " ind2=" "><subfield code="a">Title from 'headpiece' on fol.1b (p.2).</subfield></datafield><datafield tag="500" ind1=" " ind2=" "><subfield code="a">Ms. codex.</subfield></datafield><datafield tag="510" ind1="4" ind2=" "><subfield code="a">Brockelmann, C. GAL,</subfield><subfield code="c">II 440</subfield></datafield><datafield tag="520" ind1="8" ind2=" "><subfield code="a">Fine copy of the work on the ten readings of the Qurʼan as collected by the author from various sources.</subfield></datafield><datafield tag="538" ind1=" " ind2=" "><subfield code="a">Mode of access: Internet.</subfield></datafield><datafield tag="541" ind1=" " ind2=" "><subfield code="c">Purchase ;</subfield><subfield code="a">Acquired by purchase along with Abdul Hamid Collection (funds donated by Horace Rackham).</subfield><subfield code="d">1924.</subfield></datafield><datafield tag="546" ind1=" " ind2=" "><subfield code="a">Arabic.</subfield></datafield><datafield tag="561" ind1=" " ind2=" "><subfield code="a">Bookplate of British Museum, London on upper cover,"British Museum, London. No. 154. Zubdat al-kuran." ; circular seal impression with figure of goat/gazelle in purple ink as well as inscription "449" in Western numerals on fol.1a (p.1) ; on fol.1a (p.1) ownership statement in name of ʻAbd al-Ghafūr ibn Muḥammad Saʻīd Shukrī accompanied by circular seal impression seemingly dated 1267 [1850 or 1] "السيد عبد الغفور شكرى [؟] ۱۲٦٧", statement reads "تملكه الفقير الى رحمة ربه القدير [السيد العبد] الغفور بن محمد سعيد ... زاده" (compare statement and seal impression in Isl. Ms. 143) ; a few other seal impressions on fol.1a (p.1), one circular and quite illegible and the other octagonal with "عبد الكريم السيد" and below it in black ink "الارزنجانى" (i.e. al-Sayyid ʻAbd al-Karīm al-Arzanjānī) ; occasional glosses ; a few marginal corrections ; notabilia (side-heads) with sūrah headings.</subfield></datafield><datafield tag="630" ind1="0" ind2="0"><subfield code="a">Qurʼan</subfield><subfield code="x">Readings</subfield><subfield code="v">Early works to 1800.</subfield></datafield><datafield tag="650" ind1=" " ind2="0"><subfield code="a">Manuscripts, Arabic</subfield><subfield code="z">Michigan</subfield><subfield code="z">Ann Arbor.</subfield></datafield><datafield tag="700" ind1="0" ind2=" "><subfield code="6">880-05</subfield><subfield code="a">ʻAbd al-Ghafūr Shukrī,</subfield><subfield code="d">fl. 1850,</subfield><subfield code="e">former owner.</subfield></datafield><datafield tag="773" ind1="0" ind2=" "><subfield code="a">Tiflis Collection.</subfield></datafield><datafield tag="880" ind1="0" ind2=" "><subfield code="6">700-05/</subfield><subfield code="a">عبد الغفور شكري،</subfield><subfield code="e">مالك سابق.</subfield></datafield><datafield tag="880" ind1="1" ind2="0"><subfield code="6">245-03/</subfield><subfield code="a">كتاب زبدة العرفان,</subfield><subfield code="f">[اواخر القرن 18م؟].</subfield></datafield><datafield tag="880" ind1="1" ind2="0"><subfield code="6">240-02/</subfield><subfield code="a">زبدة العرفان في وجوه القرآن</subfield></datafield><datafield tag="880" ind1="1" ind2=" "><subfield code="6">100-01/</subfield><subfield code="a">بالوي, حميد بن عبد الفتاح</subfield></datafield><datafield tag="CID" ind1=" " ind2=" "><subfield code="a">005968627</subfield></datafield><datafield tag="DAT" ind1="0" ind2=" "><subfield code="a">20190719102633.0</subfield><subfield code="b">20190719000000.0</subfield></datafield><datafield tag="DAT" ind1="1" ind2=" "><subfield code="a">20190719090653.0</subfield><subfield code="b">2019-07-19T16:11:06Z</subfield></datafield><datafield tag="DAT" ind1="2" ind2=" "><subfield code="a">2015-10-10T18:00:06Z</subfield></datafield><datafield tag="CAT" ind1=" " ind2=" "><subfield code="a">SDR-MIU</subfield><subfield code="d">EX LIBRIS - ALEPH</subfield><subfield code="l">prepare.pl-004-008</subfield></datafield><datafield tag="FMT" ind1=" " ind2=" "><subfield code="a">BK</subfield></datafield><datafield tag="HOL" ind1=" " ind2=" "><subfield code="0">sdr-miu005968627</subfield><subfield code="a">MiU</subfield><subfield code="b">SDR</subfield><subfield code="c">MIU</subfield><subfield code="p">mdp.39015079105279</subfield><subfield code="s">MIU</subfield><subfield code="1">005968627</subfield></datafield><datafield tag="974" ind1=" " ind2=" "><subfield code="b">MIU</subfield><subfield code="c">MIU</subfield><subfield code="d">20190719</subfield><subfield code="s">lit-dlps-dc</subfield><subfield code="u">mdp.39015079105279</subfield><subfield code="y">1799</subfield><subfield code="r">pd</subfield><subfield code="q">exp</subfield></datafield></record></collection>